@article{Clune2011OnRegularity,
    title = {{On the performance of indirect encoding across the continuum of regularity}},
    year = {2011},
    journal = {IEEE Transactions on Evolutionary Computation},
    author = {Clune, Jeff and Stanley, Kenneth O. and Pennock, Robert T. and Ofria, Charles},
    isbn = {1089-778X},
    doi = {10.1109/TEVC.2010.2104157},
    issn = {1089778X},
    keywords = {Artificial neural networks, HyperNEAT, developmental encodings, generative encodings, indirect encodings, regularity}
}

@article{forTransport2016ResearchReview,
    title = {{Research on the impacts of connected and autonomous vehicles on traffic flow: evidence review}},
    year = {2016},
    author = {for Transport, Department}
}

@article{Org2014Www.vtpi.orgPlanning,
    title = {{www.vtpi.org Autonomous Vehicle Implementation Predictions Implications for Transport Planning}},
    year = {2014},
    journal = {Traffic Technology International},
    author = {Org, Info@vtpi and Litman, Todd Alexander and Litman, Todd},
    pages = {36--42},
    url = {www.vtpi.org/AVIP{\_}TTI{\_}Jan2014.pdf}
}

@article{Driver1,
    title = {{Driver Reaction Time 1}},
    url = {http://www.visualexpert.com/Resources/reactiontime.html}
}

@article{SeiboldCONSTRUCTINGMODELS,
    title = {{CONSTRUCTING SET-VALUED FUNDAMENTAL DIAGRAMS FROM JAMITON SOLUTIONS IN SECOND ORDER TRAFFIC MODELS}},
    author = {Seibold, Benjamin and Flynn, Morris R and Kasimov, Aslan R and Rosales, Rodolfo Ruben}
}

@article{KachrooTrafficFramework,
    title = {{Traffic Flow Theory Mathematical Framework}},
    author = {Kachroo, Pushkin and Sastry, Shankar}
}

@article{testTest,
    title = {{test}},
    author = {test, test}
}

@article{Helbing2001TrafficSystems,
    title = {{Traffic and Related Self-Driven Many-Particle Systems}},
    year = {2001},
    author = {Helbing, Dirk},
    arxivId = {arXiv:cond-mat/0012229v2},
    archivePrefix = {arXiv},
    eprint = {0012229v2},
    primaryClass = {cond-mat}
}

@book{Fowkes1994AnModeling,
    title = {{An Introduction to Mathematical Modeling}},
    year = {1994},
    author = {Fowkes, Nevile D. and Mahony, John J.},
    publisher = {John Wiley {\&} Sons},
    address = {Chichester}
}

@misc{Boudette20165Headaches,
    title = {{5 Things That Give Self-Driving Cars Headaches}},
    year = {2016},
    booktitle = {The New York Times},
    author = {Boudette, Neal E.},
    month = {6}
}

@article{Nagel1992ATraffic,
    title = {{A cellular automaton model for freeway traffic}},
    year = {1992},
    journal = {Journal de Physique I, EDP Sciences},
    author = {Nagel, Kai and Schreckenberg, Michael},
    number = {12},
    pages = {2221--2229},
    volume = {2},
    url = {https://hal.archives-ouvertes.fr/jpa-00246697},
    doi = {10.1051/jp1:1992277>}
}

@article{KachrooTrafficFrameworkb,
    title = {{Traffic Flow Theory Mathematical Framework}},
    author = {Kachroo, Pushkin and Sastry, Shankar}
}

@misc{WSDOT2017WSDOTTimes,
    title = {{WSDOT - 95{\%} Reliable Travel Times}},
    year = {2017},
    booktitle = {Washington State Department of Transportation},
    author = {{WSDOT}},
    url = {https://www.wsdot.com/traffic/Seattle/TravelTimes/reliability/default.aspx}
}

@misc{Jones2001SciPy:Python,
    title = {{SciPy: Open source scientific tools for Python}},
    year = {2001},
    author = {Jones, Eric and Oliphant, Travis and Peterson, Pearu and {and others}},
    url = {http://www.scipy.org/}
}

@misc{KachrooTrafficFrameworkc,
    title = {{Traffic Flow Theory Mathematical Framework}},
    author = {Kachroo, Pushkin and Sastry, Shankar},
    pages = {1--108},
    url = {http://faculty.unlv.edu/pushkin/TrafficFlowTheory.pdf}
}

@book{Dym2004PrinciplesModeling,
    title = {{Principles of Mathematical Modeling}},
    year = {2004},
    author = {Dym, Clive L.},
    edition = {Second},
    publisher = {Elsevier},
    address = {Amsterdam}
}

@article{2015ScorecardMOBILITY,
    title = {{Scorecard URBAN MOBILITY}},
    year = {2015}
}

@techreport{Schrank20152015Scorecard,
    title = {{2015 Urban Mobility Scorecard}},
    year = {2015},
    author = {Schrank, David and Eisele, Bill and Lomax, Tim and Bak, Jim},
    institution = {The Texas A{\&}M Transportation Institute and INRIX  }
}

@misc{BusinessInsider102020,
    title = {{10 million self-driving cars will be on the road by 2020}},
    author = {{Business Insider}},
    url = {http://www.businessinsider.com/report-10-million-self-driving-cars-will-be-on-the-road-by-2020-2015-5-6}
}

@misc{102020,
    title = {{10 million self-driving cars will be on the road by 2020}},
    booktitle = {Business Insider},
    url = {http://www.businessinsider.com/report-10-million-self-driving-cars-will-be-on-the-road-by-2020-2015-5-6}
}